% Encoding: UTF-8

@Article{Berryman2012,
  author       = {Berryman, Donna R.},
  date         = {2012-04},
  journaltitle = {Medical Reference Services Quarterly},
  title        = {Augmented Reality: A Review},
  doi          = {10.1080/02763869.2012.670604},
  issn         = {1540-9597},
  number       = {2},
  pages        = {212--218},
  volume       = {31},
  publisher    = {Informa UK Limited},
}

@InProceedings{Paez2010,
  author     = {Paez, Diego Gachet and de Buenaga, Manuel and Villalba, M. and Lara, Pedro},
  booktitle  = {Proceedings of the 4th International ICST Conference on Pervasive Computing Technologies for Healthcare},
  date       = {2010},
  title      = {An Open and Adaptable Platform for the elderly people and persons with disability to access the Information Society. The Naviga project.},
  doi        = {10.4108/icst.pervasivehealth2010.8882},
  publisher  = {IEEE},
  series     = {PERVASIVEHEALTH},
  collection = {PERVASIVEHEALTH},
}

@InProceedings{Lakde2015,
  author    = {Lakde, Chaitali Kishor and Prasad, Prakash S.},
  booktitle = {2015 International Conference on Computation of Power, Energy, Information and Communication (ICCPEIC)},
  date      = {2015-04},
  title     = {Navigation system for visually impaired people},
  doi       = {10.1109/iccpeic.2015.7259447},
  publisher = {IEEE},
}

@InProceedings{Katz2010,
  author = {Brian F. G. Katz and Philippe Truillet and Simon J. Thorpe and Christophe Jouffrais and Brian F. G. Katz},
  date   = {2010},
  title  = {NAVIG : Navigation Assisted by Artificial Vision and GNSS},
  url    = {https://api.semanticscholar.org/CorpusID:19011913},
}

@InProceedings{Calo2015,
  author = {Ryan Calo and Tamara Denning and Batya Friedman and Tadayoshi Kohno and Lassana Magassa and Emily McReynolds and Bryce Clayton Newell and Franziska Roesner and Jesse Woo},
  date   = {2015},
  title  = {Augmented reality : A technology and policy primer},
  url    = {https://api.semanticscholar.org/CorpusID:63312985},
}

@InBook{Carmigniani2011,
  author    = {Carmigniani, Julie and Furht, Borko},
  booktitle = {Handbook of Augmented Reality},
  date      = {2011},
  title     = {Augmented Reality: An Overview},
  doi       = {10.1007/978-1-4614-0064-6_1},
  isbn      = {9781461400646},
  pages     = {3--46},
  publisher = {Springer New York},
}

@Article{Gachet2010,
  author       = {Diego Gachet and Manuel de Buenaga Rodr{\'i}guez and Mar{\'i}a Teresa Villalba and Pedro Lara},
  date         = {2010},
  journaltitle = {2010 4th International Conference on Pervasive Computing Technologies for Healthcare},
  title        = {An Open and Adaptable Platform for the elderly people and persons with disability to access the Information Society. The Naviga project},
  pages        = {1-5},
  url          = {https://api.semanticscholar.org/CorpusID:9990773},
}

@Article{Sabouret2020,
  author       = {Nicolas Sabouret},
  date         = {2020},
  journaltitle = {A Citizen's Guide to Artificial Intelligence},
  title        = {What Is Artificial Intelligence?},
  url          = {https://api.semanticscholar.org/CorpusID:261070249},
}

@Book{Baer2018,
  author    = {Baer, E. and Safari, an O'Reilly Media Company},
  publisher = {O'Reilly Media},
  title     = {What React is and why it Matters: The Business Case for Your Frontend Team and Organization},
  year      = {2018},
  url       = {https://books.google.be/books?id=6l88uwEACAAJ},
}

@Book{Wilton2004,
  author    = {Wilton, Paul},
  publisher = {John Wiley \& Sons},
  title     = {Beginning JavaScript},
  year      = {2004},
}

@Article{Vinnik2021,
  author  = {Dmitry Vinnik},
  journal = {Meta},
  title   = {ELI5: Metro - JavaScript Bundler for React Native},
  year    = {2021},
  month   = {11},
  date    = {2021-11-01},
  day     = {1},
  editor  = {D. Vinnik},
  url     = {https://developers.facebook.com/blog/post/2021/11/01/eli5-metro-javascript-bundler-react-native/},
}

@Misc{VAPH,
  title = {{Verstandelijke handicap | VAPH}},
  year  = {2021},
  url   = {https://www.vaph.be/professionelen/mdt/mdv/modules/verstandelijke-handicap},
}

@InBook{Bowditch2002,
  author    = {Nathaniel Bowditch},
  title     = {{The American Practical Navigator}},
  year      = {2002},
  booktitle = {The American Practical Navigator, an epitome of navigation, National Imagery and Mapping Agency},
  date      = {2002},
}

@InBook{Zaidman2008,
  author = {Zaidman, Steve},
  title  = {{GLOBAL POSITIONING SYSTEMWIDE AREA AUGMENTATIONSYSTEM (WAAS)PERFORMANCE STANDARD}},
  year   = {2008},
}

@InBook{Tilborg2018,
  author = {Arjan van Tilborg},
  title  = {Early literacy development in childrenwith intellectual disabilities},
  year   = {2018},
  isbn   = {978-94-028-1227-5},
}

@InBook{Uyttersprot2021,
  author        = {Sofie Uyttersprot},
  title         = {Lees je honger},
  year          = {2021},
  isbn          = {978-90-5873-113-5},
  comment-robin = {https://modulas.sig-net.be/uploads/covers_publicaties/leesjehonger_inlmotivatie_sigvzw.pdf},
}

@Article{Brush2023,
  author    = {Kate Brush},
  journal   = {Business Horizons},
  title     = {{Tips for managing career transitions and your golf game: Lessons and teaching from Harvey Penick's Little Red Book}},
  year      = {2023},
  number    = {1},
  pages     = {7-13},
  volume    = {53},
  date      = {2023},
  doi       = {10.1016/j.bushor.2009.08.002},
  publisher = {Elsevier BV},
}

@Comment{jabref-meta: databaseType:bibtex;}

{Baer2018,
  author    = {Baer, E.},
  date      = {2018},
  title     = {Safari},
  publisher =
