@Online{encommun2023,
  author = {Transport en commun},
  date   = {2023-05-26},
  title  = {Transport en commun},
  url    = {https://www.letec.be},
}

@InBook{Ruta2010,
  author    = {Ruta, Michele and Scioscia, Floriano and Ieva, Saverio and Di Sciascio, Eugenio},
  booktitle = {Current Trends in Web Engineering},
  date      = {2010},
  title     = {T2.O.M. T.O.M.: Techniques and Technologies for an Ontology-Based Mobility Tool with Open Maps},
  doi       = {10.1007/978-3-642-16985-4_18},
  pages     = {199-210},
  publisher = {Springer Berlin Heidelberg},
}

@InBook{Fatnassi2015,
  author    = {Fatnassi, Ezzeddine and Chebbi, Olfa and Chaouachi, Jouhaina},
  booktitle = {Computer Information Systems and Industrial Management},
  date      = {2015},
  title     = {Viability of Implementing Smart Mobility Tool in the Case of Tunis City},
  doi       = {10.1007/978-3-319-24369-6_28},
  pages     = {339-350},
  publisher = {Springer International Publishing},
}

@InProceedings{Ciravegna2018,
  author    = {Fabio Ciravegna and Jie Gao and Chris Ingram and Neil Ireson and Vitaveska Lanfranchi and Humasak Simanjuntak},
  booktitle = {International Conference on Information Systems for Crisis Response and Management},
  date      = {2018},
  title     = {Mapping Mobility to Support Crisis Management},
}

@Article{Stepanov2003,
  author       = {Illya Stepanov and J{\"o}rg H{\"a}hner and Christian Becker and Jing Tian and Kurt Rothermel},
  date         = {2003},
  journaltitle = {The 11th IEEE International Conference on Networks, 2003. ICON2003.},
  title        = {A meta-model and framework for user mobility in mobile networks},
  pages        = {231-238},
}

@Online{IntercommunaalVervoerteBrussel2023,
  author = {Maatschappij voor het Intercommunaal Vervoer te Brussel},
  date   = {2023-05-25},
  title  = {Maatschappij voor het Intercommunaal Vervoer te Brussel},
  url    = {https://www.stib-mivb.be/index.htm?l=nl},
}

@Misc{Gvora2023,
  author = {Gvora, J},
  date   = {2023},
  title  = {Google Glass: What Happened To The Futuristic Smart Glasses? ScreenRant},
}

@Misc{Soni2023a,
  author = {Soni, P},
  date   = {2023-05-26},
  title  = {How AI improves Accessibility for People with Disabilities | Analytics Steps},
  day    = {26},
  month  = {5},
  year   = {2023},
}

@Comment{jabref-meta: databaseType:biblatex;}
